%------------------------------------------------------------
%	BIBLIOGRAPHY
%------------------------------------------------------------

%------------------------------------------------------------
%	PAPERS 
%------------------------------------------------------------
@article{wheeler1955,
	title={Geons},
	author={Wheeler, John Archibald},
	journal={Physical Review},
	volume={97},
	number={2},
	pages={511},
	year={1955},
	publisher={APS}
}


%------------------------------------------------------------
%	BOOKS 
%------------------------------------------------------------
@book{griffithsElectrodynamics,
	title={Introduction to electrodynamics},
	author={Griffiths, David J},
	year={2023},
	publisher={Cambridge University Press}
}


%------------------------------------------------------------
%	THESIS 
%------------------------------------------------------------


%------------------------------------------------------------
%   MISC 
%------------------------------------------------------------
@Misc{nistHg,
	author = {A. Kramida and {Yu. Ralchenko} and
	J. Reader and {NIST ASD Team}},
	HOWPUBLISHED = {{NIST Atomic Spectra Database
	(ver. 5.12), [Online]. Disponible en:
	{\url{https://physics.nist.gov/asd}} [1 de Diciembre, 2024].
	National Institute of Standards and Technology,
	Gaithersburg, MD.}},
	year = {2024},
}